@online{rx,
	title        = {ReactiveX},
	date         = {2022},
	urldate      = {2022-10-09},
	url          = {reactivex.io}
}
@online{ij,
	title        = {IntelliJ IDEA},
	date         = {2022},
	urldate      = {2022-10-09},
	url          = {www.jetbrains.com/idea},
}
